% ACM-Journal listed in https://dl.acm.org/journals
@string{ACM_J_TASLP="IEEE/ACM Transactions on Audio, Speech and Language Processing"}
@string{ACM_J_TCBB="IEEE/ACM Transactions on Computational Biology and Bioinformatics"}
@string{ACM_J_ToN="IEEE/ACM Transactions on Networking"}
@string{ACM_J_JCSS="ACM Journal on Computing and Sustainable Societies"}
@string{ACM_J_CSUR="ACM Computing Surveys"}
@string{ACM_J_DGOV="Digital Government: Research and Practice"}
@string{ACM_J_DLT="Distributed Ledger Technologies: Research and Practice"}
@string{ACM_J_DTRAP="Digital Threats: Research and Practice"}
@string{ACM_J_FAC="Formal Aspects of Computing"}
@string{ACM_J_Games="Games: Research and Practice"}
@string{ACM_J_JACM="Journal of the ACM"}
@string{ACM_J_JATS="ACM Journal on Autonomous Transportation Systems"}
@string{ACM_J_JDIQ="Journal of Data and Information Quality"}
@string{ACM_J_JDS="ACM / IMS Journal of Data Science"}
@string{ACM_J_JEA="ACM Journal of Experimental Algorithmics"}
@string{ACM_J_JETCS="ACM Journal on Emerging Technologies in Computing Systems"}
@string{ACM_J_JOCCH="Journal on Computing and Cultural Heritage"}
@string{ACM_J_JRC="ACM Journal on Responsible Computing"}
@string{ACM_J_PACMCGIT="Proceedings of the ACM on Computer Graphics and Interactive Techniques"}
@string{ACM_J_PACMHCI="Proceedings of the ACM on Human-Computer Interaction"}
@string{ACM_J_PACMMOD="Proceedings of the ACM on Management of Data"}
@string{ACM_J_PACMNET="Proceedings of the ACM on Networking"}
@string{ACM_J_PACMPL="Proceedings of the ACM on Programming Languages"}
@string{ACM_J_PACMSE="Proceedings of the ACM on Software Engineering"}
@string{ACM_J_POMACS="Proceedings of the ACM on Measurement and Analysis of Computing Systems"}
@string{ACM_J_TAAS="ACM Transactions on Autonomous and Adaptive Systems"}
@string{ACM_J_TACCESS="ACM Transactions on Accessible Computing"}
@string{ACM_J_TACO="ACM Transactions on Architecture and Code Optimization"}
@string{ACM_J_TALG="ACM Transactions on Algorithms"}
@string{ACM_J_TALLIP="ACM Transactions on Asian and Low-Resource Language Information Processing"}
@string{ACM_J_TAP="ACM Transactions on Applied Perception"}
@string{ACM_J_TCPS="ACM Transactions on Cyber-Physical Systems"}
@string{ACM_J_TEAC="ACM Transactions on Economics and Computation"}
@string{ACM_J_TECS="ACM Transactions on Embedded Computing Systems"}
@string{ACM_J_TELO="ACM Transactions on Evolutionary Learning and Optimization"}
@string{ACM_J_THRI="ACM Transactions on Human-Robot Interaction"}
@string{ACM_J_TIIS="ACM Transactions on Interactive Intelligent Systems"}
@string{ACM_J_TIOT="ACM Transactions on Internet of Things"}
@string{ACM_J_TIST="ACM Transactions on Intelligent Systems and Technology"}
@string{ACM_J_TKDD="ACM Transactions on Knowledge Discovery from Data"}
@string{ACM_J_TMIS="ACM Transactions on Management Information Systems"}
@string{ACM_J_TOCE="ACM Transactions on Computing Education"}
@string{ACM_J_TOCHI="ACM Transactions on Computer-Human Interaction"}
@string{ACM_J_TOCL="ACM Transactions on Computational Logic"}
@string{ACM_J_TOCS="ACM Transactions on Computer Systems"}
@string{ACM_J_TOCT="ACM Transactions on Computation Theory"}
@string{ACM_J_TODAES="ACM Transactions on Design Automation of Electronic Systems"}
@string{ACM_J_TODS="ACM Transactions on Database Systems"}
@string{ACM_J_TOG="ACM Transactions on Graphics"}
@string{ACM_J_TOIS="ACM Transactions on Information Systems"}
@string{ACM_J_TOIT="ACM Transactions on Internet Technology"}
@string{ACM_J_TOMACS="ACM Transactions on Modeling and Computer Simulation"}
@string{ACM_J_TOMM="ACM Transactions on Multimedia Computing, Communications, and Applications"}
@string{ACM_J_TOMPECS="ACM Transactions on Modeling and Performance Evaluation of Computing Systems"}
@string{ACM_J_TOMS="ACM Transactions on Mathematical Software"}
@string{ACM_J_ToN="ACM Transactions on Networking"}
@string{ACM_J_TOPC="ACM Transactions on Parallel Computing"}
@string{ACM_J_TOPLAS="ACM Transactions on Programming Languages and Systems"}
@string{ACM_J_TOPML="ACM Transactions on Probabilistic Machine Learning"}
@string{ACM_J_TOPS="ACM Transactions on Privacy and Security"}
@string{ACM_J_TORS="ACM Transactions on Recommender Systems"}
@string{ACM_J_TOS="ACM Transactions on Storage"}
@string{ACM_J_TOSEM="ACM Transactions on Software Engineering and Methodology"}
@string{ACM_J_TOSN="ACM Transactions on Sensor Networks"}
@string{ACM_J_TQC="ACM Transactions on Quantum Computing"}
@string{ACM_J_TRETS="ACM Transactions on Reconfigurable Technology and Systems"}
@string{ACM_J_TSAS="ACM Transactions on Spatial Algorithms and Systems"}
@string{ACM_J_TSC="ACM Transactions on Social Computing"}
@string{ACM_J_TWE="ACM Transactions on the Web"}
